<?xml version="1.0" encoding="UTF-8"?><collection xmlns="http://www.loc.gov/MARC21/slim"><record><leader>00408nam--2200121-i-4500</leader><controlfield tag="001">000013888</controlfield><controlfield tag="002">20161230</controlfield><controlfield tag="005">20161230201030</controlfield><controlfield tag="008">060222s1000------------r-----000-0-eng-d</controlfield><datafield ind1=" " ind2=" " tag="080"><subfield code="a">550.34(420)</subfield></datafield><datafield ind1=" " ind2=" " tag="245"><subfield code="a">Catalogue of earthquakes 1925-1930. being a di gest of the international seismological survey (1925-1930)</subfield></datafield><datafield ind1=" " ind2=" " tag="260"><subfield code="a">London, The Association At Its Office In Burli Ngton House, 1935. 75 P</subfield></datafield><datafield ind1=" " ind2=" " tag="852"><subfield code="a">47697</subfield></datafield></record></collection>